%% This BibTeX bibliography file was created using BibDesk.
%% http://bibdesk.sourceforge.net/

%% Created for Fred J Hickernell at 2020-08-29 18:28:56 -0500 


%% Saved with string encoding Unicode (UTF-8) 


@preamble{"\def\Ignore#1{}"}
@preamble{"\def\notesupp#1{}"}
@preamble{"\providecommand{\HickernellFJ}{Hickernell\xspace}"}


@string{acmtomacs = {ACM Trans.\ Model.\ Comput.\ Simul.}}

@string{acmtoms = {ACM Trans.\ Math.\ Software}}

@string{annstat = {Ann.\ Stat.}}

@string{art = {\Ignore{a}Refereed Journal Articles}}

@string{book = {\Ignore{b}Book}}

@string{chap = {\Ignore{c}Refereed and/or Invited Book Chapters and Conference Papers}}

@string{cma = {Comput.\ Math.\ Appl.}}

@string{ed = {\Ignore{d}Edited Volumes}}

@string{jasa = {J. Amer.\ Statist.\ Assoc.}}

@string{jcam = {J. Comput.\ Appl.\ Math.}}

@string{jcgs = {J. Comput.\ Graph.\ Statist.}}

@string{jcomp = {J. Complexity}}

@string{jcp = {J. Comput.\ Phys.}}

@string{jrssb = {J. Roy.\ Statist.\ Soc.\ B}}

@string{jspi = {J. Statist.\ Plann.\ Inference}}

@string{mc = {Math.\ Comp.}}

@string{mcm = {Math.\ Comput.\ Modelling}}

@string{mm = {Monatsh.\ Math.}}

@string{nummath = {Numer.\ Math.}}

@string{oth = {\Ignore{o}Other Publications}}

@string{pnas = {Proc.\ Natl.\ Acad.\ Sci.}}

@string{prep = {\Ignore{z}Manuscripts in Preparation}}

@string{pub-bh = {Birkh{\"{a}}user}}

@string{pub-bh:adr = {Boston, MA, USA}}

@string{sinum = {SIAM J. Numer.\ Anal.}}

@string{sirev = {SIAM Rev.}}

@string{sisc = {SIAM J. Sci.\ Comput.}}

@string{ss = {Statist.\ Sinica}}

@string{stam = {Stud.\ Appl.\ Math}}

@string{statprob = {Statist.\ Probab.\ Lett.}}

@string{sub = {\Ignore{u}Manuscripts Under Review}}


@webpage{QRNG2020Corr,
	Author = {M. Hofert and C. Lemieux},
	Date-Added = {2020-08-27 17:34:49 -0500},
	Date-Modified = {2020-08-29 18:27:53 -0500},
	Title = {qrng {R} package},
	Url = {https://cran.r-project.org/web/packages/qrng/qrng.pdf},
	Urldate = {2017},
	Year = {2017}}

@webpage{BinSur13,
	Author = {D. Bingham and S. Surjano},
	Date-Added = {2018-05-07 03:29:12 +0000},
	Date-Modified = {2018-05-07 03:31:28 +0000},
	Title = {Virtual Library of Simulation Experiments},
	Url = {https://www.sfu.ca/~ssurjano/},
	Year = {2013},
	Bdsk-Url-1 = {https://www.sfu.ca/~ssurjano/}}

@misc{GilesSoft,
	Author = {M. Giles},
	Date-Added = {2018-03-14 11:30:04 +0000},
	Date-Modified = {2020-08-29 18:22:25 -0500},
	Howpublished = {\url{https://people.maths.ox.ac.uk/gilesm/mlmc/}},
	Lastchecked = {2020},
	Year = {2020},
	Bdsk-Url-1 = {https://people.maths.ox.ac.uk/gilesm/mlmc/}}
