%Bibliographic data base created by Fred J. Hickernell of own papers%This is just the Chinese papers@PREAMBLE{"\def\Ignore#1{}"}@PREAMBLE{"\def\notesupp#1{}"} %use {#1} or {} to get \notesupp or not@PREAMBLE{"\def\chinpub#1{1}"} %use {#1} or {} to get \chinpub or not@PREAMBLE{"\chinpub{\begin{CJK*}{GB}{fs}\end{CJK*}}"}@STRING{AnnStat = {Ann.\ Stat.}}@STRING{ACMTOMACS = {ACM Trans. Model. Comput. Simul.}}@STRING{ACMTOMS = {ACM Trans.\ Math.\ Softw.}}@STRING{JASA = {J. Amer.\ Statist. Assoc.}}@STRING{JCAM = {J. Comput.\ Appl.\ Math.}}@STRING{JCGS = {J. Comput.\ Graph.\ Statist.}}@STRING{JCP = {J. Comput.\ Phys.}}@STRING{JRSSB = {J. Roy.\ Statist.\ Soc.\ B}}@STRING{MC = {Math.\ Comp.}}@STRING{NumMath = {Numer.\ Math.}}@STRING{SISC = {SIAM J. Sci.\ Comput.}}@STRING{SINUM = {SIAM J. Numer.\ Anal.}}@STRING{SIREV = {SIAM Rev.}}@STRING{SS = {Statist.\ Sinica}}@STRING{StatProb = {Statist.\ Probab.\ Lett.}}@STRING{StAM = {Stud.\ Appl.\ Math}}@STRING{art = {\Ignore{a}Refereed Journal Articles}}@STRING{book = {\Ignore{b}Book}}@STRING{chap = {\Ignore{c}Refereed and/or Invited Book Chapters and Conference Papers}}@STRING{ed = {\Ignore{d}Edited Volume}}@STRING{oth = {\Ignore{o}Other Publications}}@STRING{sub = {\Ignore{u}Manuscripts Under Review}}@ARTICLE{AnHicZhu95,  AUTHOR = {H. Z. An and F. J. Hickernell and L. X. Zhu},  TITLE = {Universally Consistent Estimation for Stochastic Regression Models},  JOURNAL = {Chinese Sci.\ Bull.},  VOLUME = {40},  PAGES = {802-807},  YEAR = 1995,  pubtype = art,   note = {\chinpub{\begin{CJK*}{GB}{fs}published in Chinese as 安鸿志, F. J. Hickernell, and 朱力行, {\em 随机回归模型中的一致相同估计}, 科学通报, {\bf 39} (1994), 1829-1832\end{CJK*}}},MR = {96f:62113}, ZM= {834.62064}}@ARTICLE{CheHic94,  AUTHOR = {J. D. Chen and F. J. Hickernell},  TITLE = {A Class of Asymptotically Optimal Sequential Tests for Composite Hypotheses},  JOURNAL = {Sci.\ China Ser.\ A},  VOLUME = {37},  PAGES = {1314-1324},  YEAR = 1994,  pubtype = art,  note = {\chinpub{\begin{CJK*}{GB}{fs}published in Chinese as 陈家鼎 and F. J. Hickernell, {\em 对复杂假设的一类渐近最优的序贯检验}, 中国科学Ａ辑, {\bf 24} (1994), 673-683\end{CJK*}}},  MR = {96b:62127}, ZM= {812.62084},}@article{ZhuHicAn97,   author =  {L. X. Zhu and F. J. Hickernell and H. Z. An},   title =   {A goodness-of-fit test for linearity of a stochastic regression model},   journal = {Chinese J. Contemp.\ Math.},   volume =  18,   pages =   {199-206},   year =    1997,   pubtype = art,   note = {\chinpub{\begin{CJK*}{GB}{fs}published in Chinese as 朱力行, F. J. Hickernell, and 安鸿志, {\em 随机回归模型线性性的拟合优度检验方法}, 数学年刊, {\bf 18A} 2(1997), 247-252\end{CJK*}}},   MR = {98g:62128}, ZM= {970.42723},}