%Bibliographic data base created by Fred J. Hickernell of own papers@PREAMBLE{"\def\Ignore#1{}"}@PREAMBLE{"\def\notesupp#1{}"} %use {#1} or {} to get \notesupp or not@STRING{AnnStat = {Ann.\ Stat.}}@STRING{ACMTOMACS = {ACM Trans. Model. Comput. Simul.}}@STRING{ACMTOMS = {ACM Trans.\ Math.\ Softw.}}@STRING{JASA = {J. Amer.\ Statist. Assoc.}}@STRING{JCAM = {J. Comput.\ Appl.\ Math.}}@STRING{JCGS = {J. Comput.\ Graph.\ Statist.}}@STRING{JCP = {J. Comput.\ Phys.}}@STRING{JComp = {J. Complexity}}@STRING{JRSSB = {J. Roy.\ Statist.\ Soc.\ B}}@STRING{MC = {Math.\ Comp.}}@STRING{MCM = {Math.\ Comput.\ Modelling}}@STRING{NumMath = {Numer.\ Math.}}@STRING{SISC = {SIAM J. Sci.\ Comput.}}@STRING{SINUM = {SIAM J. Numer.\ Anal.}}@STRING{SIREV = {SIAM Rev.}}@STRING{SS = {Statist.\ Sinica}}@STRING{StatProb = {Statist.\ Probab.\ Lett.}}@STRING{StAM = {Stud.\ Appl.\ Math}}@STRING{art = {\Ignore{a}Refereed Journal Articles}}@STRING{book = {\Ignore{b}Book}}@STRING{chap = {\Ignore{c}Refereed and/or Invited Book Chapters and Conference Papers}}@STRING{ed = {\Ignore{d}Edited Volumes}}@STRING{oth = {\Ignore{o}Other Publications}}@STRING{sub = {\Ignore{u}Manuscripts Under Review}}@STRING{prep = {\Ignore{z}Manuscripts in Preparation}}@misc{AiHic05,  AUTHOR = {M. Ai and F. J. Hickernell},  TITLE = {Optimality of Low Discrepancy Designs},  JOURNAL = {},  VOLUME = {},  PAGES = {},  YEAR = 2004,  pubtype = prep,  note = {in preparation}   }  @misc{AiHic05b,  AUTHOR = {M. Ai and F. J. Hickernell},  TITLE = {Optimal Foldover Plans for Regular $s$-level Fractional Factorial Designs},  JOURNAL = {},  VOLUME = {},  PAGES = {},  YEAR = 2004,  pubtype = sub,  note = {submitted for publication}   }@ARTICLE{AnHicZhu95,  AUTHOR = {H. Z. An and F. J. Hickernell and L. X. Zhu},  TITLE = {Universally Consistent Estimation for Stochastic Regression Models},  JOURNAL = {Chinese Sci.\ Bull.},  VOLUME = {40},  PAGES = {802-807},  YEAR = 1995,  pubtype = art, MR = {96f:62113}, ZM= {834.62064}}@ARTICLE{AnHicZhu98,  AUTHOR = { H. Z. An and F. J. Hickernell and L. X. Zhu},  TITLE = {A New Class of Consistent Estimators for Stochastic Linear Regressive Models},  JOURNAL = {J. Multivariate Anal.},  VOLUME = {63},  PAGES = {242-258},  YEAR = 1997,  pubtype = art,  MR = {99b:62098}, ZM= {884.62095}} @inProceedings{ChaEtal88,   author =    {M. K. Chan and M. J. Li and F. J. Hickernell and S. J. Hu and S. K. Ng and H. M. Ngai and C. C. Barnett and W. M. Holmes},   title =     {Simulation studies of the automatic control of a blast furnace process},   booktitle = {Proc.\ 1988 Summer Computer Simulation Conference},   pages = {881-885},   address = {Seattle, WA},   year =      1988,  pubtype = oth,  MR = {}, ZM= {}}}@ARTICLE{CheHic94,  AUTHOR = {J. D. Chen and F. J. Hickernell},  TITLE = {A Class of Asymptotically Optimal Sequential Tests for Composite Hypotheses},  JOURNAL = {Sci.\ China Ser.\ A},  VOLUME = {37},  PAGES = {1314-1324},  YEAR = 1994,  pubtype = art,  MR = {96b:62127}, ZM= {812.62084},}  @misc{DicHicLiu07a,author = {J. Dick and F. J. Hickernell and K. I. Liu},title = {A Fast Multivariate Walsh Transform},journal = {},year = 2005,pubtype = prep,note = {in preparation},}@INPROCEEDINGS{EldEtal77,  AUTHOR = {R. H. Elderkin and D. P. Berkowitz and F. A. Farris and C. F. Gunn and F. J. Hickernell and S. N. Kass and F. I. Mansfield and R. G. Taranto},  TITLE = {On the Steady State of an Age Dependent Model for Malaria},  BOOKTITLE = {Nonlinear Systems and Applications:  An International Conference},  EDITOR = {V. Lakshmikantham},  PUBLISHER = {Academic Press, New York},  PAGES = {491-512},  YEAR = 1977,  pubtype = chap,  MR = {58 \#4446}, ZM= {}}@article{FanHic04a,   author =    {G. Fang and F. J. Hickernell and H. Li},   title =     {Approximation on  Anisotropic Multivariate{B}esov Classes of Functions by Standard Information},journal = JComp,pages = {294-313},   year =      2005,   pubtype = art,}@ARTICLE{FanHic95,  AUTHOR = {K. T. Fang and F. J. Hickernell},  TITLE = {The Uniform Design and Its Applications},  JOURNAL = {Bull.\ Inst.\ Internat.\ Statist., $50^{\mbox{th}}$ Session, Book 1},  address = {Beijing},  PAGES = {333-349},  YEAR = 1995,  pubtype = chap,  MR = {}, ZM= {}}@ARTICLE{FanHic96,  AUTHOR = {K. T. Fang and F. J. Hickernell},  TITLE = {Comment on Experimental Design and Observation for Large Systems, by {R.} {A.} {B}ates et. al.},  JOURNAL = JRSSB,  VOLUME = {58},  PAGES = {103},  YEAR =  1996,  pubtype = oth,  MR = {}, ZM= {}}@INPROCEEDINGS{FanHicWin97,  AUTHOR = {K. T. Fang and F. J. Hickernell and P. Winker},  TITLE = {Some Global Optimization Algorithms in Statistics},  BOOKTITLE = {Operations Research and Its Applications},  EDITOR = {D. Z. Du and Z. S. Zhang and K. Cheng },  SERIES = {Lecture Notes in Operations Research},  VOLUME = {2},  PAGES = {14-24},  PUBLISHER = {World Publishing Corp., Beijing},  YEAR = 1996,  pubtype = chap,  MR = {}, ZM= {} }@misc{FanHic03,   author =    {K. T. Fang and F. J. Hickernell},   title =     {Uniform Experimental Designs},   publisher = {},   year =      2003,   note = {in preparation},   pubtype = prep}@article{FenXuHic05a,   author =  {K. Feng and L. Xu and F. J. Hickernell},   title =   {Linear Error-Block Codes},   journal = {Finite Fields Appl.},   year =    2005,   note = {to appear},   pubtype = art,   MR = {}, ZM= {} }  @misc{HeiHic02a,   author =  {F. J. Hickernell},   title =   {An Algorithm-Driven Approach to Error    Analysis for Multidimensional Integration},   year =    2003,   note = {submitted for publication},   pubtype = sub,   MR = {}, ZM= {} }  @article{HeiHicYue02a,   author =  {S. Heinrich and F. J. Hickernell and R. X. Yue},   title =   {Optimal Quadrature for {H}aar Wavelet Spaces},   year =    2004,   journal = MC,   volume = 73,   pages = {259-277},   pubtype = art,   MR = {}, ZM= {} }  @inproceedings{HeiHicYue02b,   author =  {S. Heinrich and F. J. Hickernell and R. X. Yue},   title =   {Integration of Multivariate {H}aar Wavelet Series},   booktitle = {Wavelet Analysis and Its Applications},   editor = {Y. Y. Tang and V. Wickerhauser and P. C. Yuen and C. H. Li},   series = {Lecture Notes in Computer Science},   publisher = {Springer-Verlag, New York},   number = 2251,   pages = {99-106},   year = 2001,   pubtype = chap,    MR = {}, ZM= {} }     @INPROCEEDINGS{Hic77,  AUTHOR = {F. J. Hickernell},  TITLE = {The Effect of the Structure and Composition of Zinc Oxide Films on Their Elastic Properties},  BOOKTITLE = {Proc.\ 1977 IEEE Ultrason.\ Symp.},  PAGES = {309-312},  YEAR = 1977,  pubtype = oth,  MR = {}, ZM= {}}@ARTICLE{Hic83a,  AUTHOR = {F. J. Hickernell},  TITLE = {The Evolution of Large-Horizontal-Scale Disturbances in Marginally Stable, Inviscid, Shear flows.  {I.}  {D}erivation of the Amplitude Evolution Equations},  JOURNAL = StAM,  VOLUME = {69},  PAGES = {1-21},  YEAR = 1983,  pubtype = art,  MR = {85e:76029a}, ZM= {531.76052}}@ARTICLE{Hic83b,  AUTHOR = {F. J. Hickernell},  TITLE = {The Evolution of Large-Horizontal-Scale Disturbances in Marginally Stable, Inviscid, Shear flows.  {II.} {S}olutions of the {B}oussinesq Equation},  JOURNAL = StAM,  VOLUME = {69},  PAGES = {23-49},  YEAR = 1983,  pubtype = art,  MR = {85e:76029b}, ZM= {531.76053} }@ARTICLE{Hic84,  AUTHOR = {F. J. Hickernell},  TITLE = {Time-Dependent Critical Layers in Shear Flows on the Beta-Plane},  JOURNAL = {J. Fluid Mech.},  VOLUME = {142},  PAGES = {431-449},  YEAR = 1984,  pubtype = art,  MR = {86k:76036}, ZM= {561.76056} }@ARTICLE{Hic85,  AUTHOR = {F. J. Hickernell},  TITLE = {An Upper Bound on the Growth Rate of a Linear Instability in a Homogeneous Shear Flow},  JOURNAL = StAM,  VOLUME = {72},  PAGES = {87-93},  YEAR = 1985,  pubtype = art,  MR = {86c:86002}, ZM= {588.76068} }@INPROCEEDINGS{Hic95,  AUTHOR = {F. J. Hickernell},  TITLE = {A Comparison of Random and Quasirandom Points for Multidimensional Quadrature},  PAGES = {213-227},  crossref={NieShi95},  pubtype = chap,  MR = {1 445 789}, ZM= {831.65023}  }@ARTICLE{Hic96a,  AUTHOR = {F. J. Hickernell},  TITLE = {Quadrature Error Bounds with Applications to Lattice Rules},  JOURNAL = SINUM,  VOLUME = {33},  PAGES = {1995-2016},  YEAR = 1996,  note = {corrected printing of Sections 3-6 in ibid., {\bf 34} (1997), 853--866 },  pubtype = art,  MR = {97m:6050}, ZM= {855.41024} }@ARTICLE{Hic96b,  AUTHOR = {F. J. Hickernell},  TITLE = {The Mean Square Discrepancy of Randomized Nets},  JOURNAL = ACMTOMACS,  volume = 6,  pages ={274-296},  YEAR = 1996,  pubtype = art,  MR = {}, ZM= {887.65030}  }@ARTICLE{Hic97a,  AUTHOR = {F. J. Hickernell},  TITLE = {A Generalized Discrepancy and Quadrature Error Bound},  JOURNAL = MC,  volume = 67,  pages = {299-322},  YEAR = 1998,  pubtype = art,  MR = {98c:65032}, ZM= {889.41025} }@inCollection{Hic98b,   author =    {F. J. Hickernell},   title =     {Lattice Rules: How Well Do They Measure Up?},   pages={109-166},   crossref = {HelLar98},  pubtype = chap,  MR = {2000b:65007}, ZM= {990.18504 }}@article{Hic99a,   author =  {F. J. Hickernell},   title =   {Goodness-of-Fit Statistics, Discrepancies and Robust Designs},   journal = StatProb,   volume = 44,   pages = {73-78},   year =    1999,  pubtype = art,  MR = {1 706 366}, ZM= {991.13614}}@inProceedings{Hic99b,   author =    {F. J. Hickernell},   title =     {What Affects the Accuracy of Quasi-{M}onte {C}arlo Quadrature?},   crossref= {NieSpa99},   pages = {16-55},   note = {},   pubtype = chap,   MR = {2002e:65010}, ZM= {941.65025}}@inProceedings{Hic01a,   author =    {F. J. Hickernell},   title =     {Obtaining {$O(N^{-2+\epsilon})$} Convergence for Lattice Quadrature Rules},   pages = {274-289},   crossref = {NieFanHic01},   pubtype = chap,   note = {},   MR = {1 958 860}, ZM= {1002.62059}}@article{Hic03b,   author =    {F. J. Hickernell},   title =     {My Dream Quadrature Rule},   journal = JComp,   volume = {19},   pages = {420-427},   pubtype = chap,   year = 2003,   note ={},   MR = {1 984 124}, ZM= {}}@incollection{Hic04a,   author =    {F. J. Hickernell},   title =     {Koksma-{H}lawka Inequality},   crossref={KotEtal04},   pubtype = chap,   note ={to appear},   MR = {}, ZM= {}}@incollection{Hic05a,   author =    {F. J. Hickernell},   title =     {Granularity and Balance in Experimental Design},   crossref = {fang65birth},   pages = {185-203},   pubtype = chap,   MR = {}, ZM= {}}@misc{Hic06a,   author =    {F. J. Hickernell},   title =     {Experimental Design, Coding Theory and Reproducing Kernel Hilbert Spaces},   pages = {},   pubtype = prep,   year = 2005,  note = {Third International Congress of Chinese Mathematicians, 2004, Hong Kong, in preparation for submission for publication},   MR = {}, ZM= {}}@article{HicHon97b,   author =  {F. J. Hickernell and Y. C. Hon},   title =   {Radial Basis Function Approximation of the Surface Wind Field from Scattered Data},   journal = {Internat.\ J. Appl.\ Sci.\ Comput.},   volume =  4,   pages =   {221-247},   year =    1998,   note =    {},  pubtype = art,  MR = {1 606 988}, ZM= {}}@article{HicHon98b,   author =  {F. J. Hickernell and Y. C. Hon},   title =   {Radial Basis Function Approximation as Smoothing Splines},   journal = {Appl.\ Math.\ Comput.},   volume =  {102},   pages =   {1-24},   year =    1999,   note =    {},  pubtype = art,  MR = {2000c:41013}, ZM= {990.40074}}@inProceedings{HicHon97a,   author =    {F. J. Hickernell and H. S. Hong},   TITLE = {Computing Multivariate Normal Probabilities Using Rank-1 Lattice Sequences},   booktitle = {Proceedings of the Workshop on Scientific Computing},   address = {Hong Kong},   editor = {G. H. Golub and S. H. Lui and F. T. Luk and R. J. Plemmons},   publisher = {Springer-Verlag, Singapore},   pages = {209-215},   year =      1997,  pubtype = chap,  MR = {1 729 661}, ZM= {922.65099}}@article{HicHon98a,  AUTHOR = {F. J. Hickernell and H. S. Hong},  TITLE = {The Asymptotic Efficiency of Randomized Nets for Quadrature},  JOURNAL = MC,  volume = 68,  pages = {767-791},  YEAR = 1999,  pubtype = art,  MR = {99i:65021}, ZM= {990.07842} }@inProceedings{Hic00a,   author =    {F. J. Hickernell and H. S. Hong},   title =     {Quasi-{M}onte {C}arlo Methods and Their Randomizations},   crossref={ChaYau01},   pages = {59-77},   pubtype = chap,   MR = {2003g:65006 }, ZM= {1007.65003}}@article{HicEtal00,  AUTHOR = {F. J. Hickernell and H. S. Hong and P. L'{\'E}cuyer and C. Lemieux},  TITLE = {Extensible Lattice Sequences for Quasi-{M}onte {C}arlo Quadrature},  JOURNAL = SISC,  volume = {22},  pages = {1117-1138},  YEAR = 2000,  pubtype = art,  note = {},  MR = {2001h:65032}, ZM= {974.65004} }}@article{HicEtal03,  AUTHOR = {F. J. Hickernell and C. Lemieux and A. B. Owen},  TITLE = {Control Variates for Quasi-{M}onte {C}arlo},  JOURNAL = {Statist.\ Sci.},  volume = {20},  pages = {1-31},  YEAR = 2005,  pubtype = art,  note = {},  MR = {}, ZM= {} }}@article{HicLiu01a,  AUTHOR = {F. J. Hickernell and M. Q. Liu},  TITLE = {Uniform Designs Limit Aliasing},  JOURNAL = {Biometrika},  volume = {89},  pages = {893-904},  YEAR = 2002,  pubtype = art,  MR = {2003h:62116}, ZM= {} }}@misc{HicLiu05a,  AUTHOR = {F. J. Hickernell and K. I. Liu and K. Feng},  TITLE = {Digital Net Designs},  JOURNAL = {},  volume = {},  pages = {},  YEAR = 2004,  pubtype = sub,  note = {submitted for publication},  MR = {}, ZM= {} }}@misc{HicLiuYue05a,  AUTHOR = {F. J. Hickernell and R. X. Yue and K. I. Liu},  TITLE = {A Periodization-Like Technique for Integrating Non-Periodic Functions with Lattice Rules},  JOURNAL = {},  volume = {},  pages = {},  YEAR = 2004,  pubtype = prep,  note = {in preparation},  MR = {}, ZM= {} }}@article{HicLiuYam01a,  AUTHOR = {F. J. Hickernell and M. Q. Liu and Y. C. Yam},  TITLE = {Discrepancy Measures of Uniformity},  JOURNAL = {J. Chinese Statistical Association},  volume = {38},  pages = {353-373},  YEAR = 2000,  language = {Chinese},  pubtype = art,  MR = {}, ZM= {} }}@article{HicNie03a,  AUTHOR = {F. J. Hickernell and H. Niederreiter},  TITLE = {The Existence of Good Extensible Rank-1 Lattices},  JOURNAL = JComp,  volume = {19},  pages = {286-300},  YEAR = 2003,  pubtype = art,  MR = {1 984 115}, ZM= {} }}@ARTICLE{HicPro84,  AUTHOR = {F. Hickernell and W. Proskurowski},  TITLE = {Teaching Calculus with Computers at {USC}},  JOURNAL = {SIAM News},  VOLUME = {18},  NUMBER = {5},  PAGES = {16},  YEAR = 1984,  pubtype = oth,  MR = {}, ZM= {} }@ARTICLE{HicPro85,  AUTHOR = {F. Hickernell and W. Proskurowski},  TITLE = {The Use of Microcomputers in the Teaching of Calculus},  JOURNAL = {Collegiate Microcomputer},  VOLUME = {3},  PAGES = {111-125},  YEAR = 1985,  pubtype = art,  MR = {}, ZM= {} }  @ARTICLE{HicPro87,  AUTHOR = {F. Hickernell and W. Proskurowski},  TITLE = {Design of a Calculus Microcomputer Laboratory},  JOURNAL = {Comput.\ Math.\ Appl.},  VOLUME = {14},  PAGES = {3-24},  YEAR = 1987,  pubtype = art,  MR = {}, ZM= {} }@article{HicSloWas03a,  AUTHOR = {F. J. Hickernell and I. H. Sloan and G. W. Wasilkowski},  TITLE = {On Tractability of Weighted Integration over Bounded and Unbounded Regions in {$\mathbb{R}^s$}},  JOURNAL = MC,  volume = {73},  pages = {1885-1901},  YEAR = 2004,  pubtype = art,  MR = {}, ZM= {} }}@inproceedings{HicSloWas03b,  AUTHOR = {F. J. Hickernell and I. H. Sloan and G. W. Wasilkowski},  TITLE = {On Tractability of Weighted Integration for Certain {B}anach Spaces of Functions},  crossref={Nie04},  pages = {51-71},  pubtype = chap,  MR = {}, ZM= {} }}@article{HicSloWas03c,  AUTHOR = {F. J. Hickernell and I. H. Sloan and G. W. Wasilkowski},  TITLE = {On Strong Tractability of Weighted Multivariate Integration},  JOURNAL = MC,  volume = {73},  pages = {1903-1911},  YEAR = 2004,  pubtype = art,  MR = {}, ZM= {} }}@article{HicSloWas03d,  AUTHOR = {F. J. Hickernell and I. H. Sloan and G. W. Wasilkowski},  TITLE = {A Piece-Wise Constant Algorithm for Weighted {$L_1$} Approximation over Bounded or Unbounded Regions},  JOURNAL = SINUM,  volume = {},  pages = {},  YEAR = 2005,  pubtype = art,  note = {to appear},  MR = {}, ZM= {} }}@inproceedings{HicSloWas03e,  AUTHOR = {F. J. Hickernell and I. H. Sloan and G. W. Wasilkowski},  TITLE = {The Strong Tractability of Multivariate Integration Using Lattice Rules},  crossref={Nie04},  pages = {259-273},  pubtype = chap,  MR = {}, ZM= {} }}@misc{HicWasWozZen07a,   author =  {F. J. Hickernell and G. Wasilkowski and H. Wo\'zniakowski and X. Y. Zeng},   title =   {The Power of Standard Information},   journal = {},   volume = {},   pages = {},   year =    2005,  pubtype = prep,  note = {in preparation},  MR = {2001d:65017}, ZM= {939.41004}}@article{HicWoz99,   author =  {F. J. Hickernell and H. Wo\'zniakowski},   title =   {Integration and Approximation in Arbitrary Dimensions},   journal = {Adv.\ Comput.\ Math.},   volume = 12,   pages = {25-58},   year =    2000,  pubtype = art,  MR = {2001d:65017}, ZM= {939.41004}}  @article{HicWoz00a,  AUTHOR = {F. J. Hickernell and H. Wo\'zniakowski},  TITLE = {The Price of Pessimism for Multidimensional Quadrature},  JOURNAL = JComp,  VOLUME = {17},  PAGES = {625-659},  YEAR = 2001,  pubtype = art,   MR = {2002m:60013}, ZM= {1006.65022} }  @article{HicWoz00b,  AUTHOR = {F. J. Hickernell and H. Wo\'zniakowski},  TITLE = {Tractability of Multivariate Integration for Periodic Functions},  JOURNAL = JComp,  VOLUME = {17},  PAGES = {660-682},  YEAR = 2001,  pubtype = art,  MR = {2003g:65028}, ZM= {1006.65023} }  @ARTICLE{HicYor86,  AUTHOR = {F. J. Hickernell and Y. C. Yortsos},  TITLE = {Linear Stability of Miscible Displacement Processes in Porous Media in the Absence of Dispersion},  JOURNAL = StAM,  VOLUME = {74},  PAGES = {93-115},  YEAR = 1986,  pubtype = art,  MR = {87e:76073}, ZM= {603.76091} }@article{HicYua98,   author =  {F. J. Hickernell and Y. X. Yuan},   title =   {A simple multi-start algorithm for global optimization},   journal = {Oper.\ Res.\ Trans.},   volume =  {1},   pages =   {1-11},   year =    1997,  pubtype = art,  MR = {}, ZM= {},}@article{HicYue00,  AUTHOR = {F. J. Hickernell and R. X. Yue},  TITLE = {The Mean Square Discrepancy of Scrambled $(t,s)$-Sequences},  JOURNAL = SINUM,  VOLUME = {38},  PAGES = {1089-1112},  YEAR = 2000,  pubtype = art,  note = {},  MR = {2002c:65009}, ZM= {pre1519717} }  @ARTICLE{HicYueHic96,  AUTHOR = {F. J. Hickernell and R. X. Yue and F. S. Hickernell},  TITLE = {Statistical Modeling for the Optimal Deposition of Sputtered Piezoelectric Films},  JOURNAL = {IEEE Trans.\ Ultrason., Ferroelectrics \& Frequency Control},  VOLUME = {44},  PAGES = {615-623},  YEAR = 1997,  note = {prelim.\ ver.\ in Proc.\ 1996 IEEE Ultrason.\ Symp., 1996, pp.\ 141--147},  pubtype = art,  MR = {}, ZM= {} }  @article{HonHic00a,  AUTHOR = {H. S. Hong and F. J. Hickernell},  TITLE = {Implementing Scrambled Digital Nets},  JOURNAL = ACMTOMS,  VOLUME = {29},  PAGES = {95-109},  YEAR = 2003,  pubtype = art,  note = {},  MR = {}, ZM= {} }  @misc{HonHic02a,  AUTHOR = {H. S. Hong and F. J. Hickernell},  TITLE = {$t$ Parameter Optimization For Imbedded Digital  $(t,m,s)$-Nets By Using The Evolutionary Computation},  JOURNAL = {},  VOLUME = {},  PAGES = {},  YEAR = 2003,  pubtype = prep,   howpublished = {Fourth International Conference on Monte   Carlo and Quasi-Monte Carlo Methods, November 27 -- December   1, 2000, Hong Kong}, note = {in preparation to be submitted for publication},   MR = {}, ZM= {} }@article{HonHicWei03,  AUTHOR = {H. S. Hong and F. J. Hickernell and G. Wei},  TITLE = {The Distribution of the Discrepancy of Scrambled  	 Digital $(t,m,s)$-Nets},  JOURNAL = {Math.\ Comput.\ Simulation},  VOLUME = {62},  PAGES = {335-345},  YEAR = 2003,  pubtype = art,  MR = {1 988 381}, ZM= {pre01912339} }  @misc{HuaHic02a,   author =  {F. L. Huang and F. J. Hickernell},   title =   {Improved Quadrature Error Bounds Using Function Values},   year =    2003,   howpublished = {Fourth International Conference on Monte    Carlo and Quasi-Monte Carlo Methods, November 27 -- December    1, 2000, Hong Kong},  note = {in preparation to be submitted for publication},   pubtype = prep,   MR = {}, ZM= {} }@misc{HuaHic04a,   author =  {F. L. Huang and F. J. Hickernell},   title =   {The Relationship Between the $n$th Minimal Errors of Two Classes of Information for Approximation in Weighted {H}ilbert Spaces},   year =    2003,   pubtype = sub,  note = {submitted for publication},   MR = {}, ZM= {} }@inProceedings{LiHic03a,   author =  {D. Li and F. J. Hickernell},   title = {Trigonometric Spectral Collocation Methods on Lattices},   crossref =    {CheShuTan03},   pages = {121-132},   pubtype = chap,   MR = {}, ZM= {} }   @misc{LiHic03b,   author =  {J. T. Ma and D. Li and F. J. Hickernell},   title =   {Chebyshev Spectral Methods on Lattices for High-Dimensional Partial Differential Equations},   year =    2004,   note = {submitted for publication},   pubtype = sub,   MR = {}, ZM= {} }   @article{LiaEtal99,   author =  {J. J. Liang and K. T. Fang and F. J. Hickernell and R. Li},   title =   {Testing Multivariate Uniformity and Its Applications},   journal = MC,   volume = 70,   pages = {337-355},   year =    2001,   note =    {},  pubtype = art,  MR = {2001f:62032}, ZM= {991.72287},}  @misc{LiaFanHic05a,   author =  {J. J. Liang and K. T. Fang and F. J. Hickernell},   title =   {Some Necessary Uniform Tests for Spherical and Elliptical  Symmetry},   journal = {},   year =    2004,  note = {submitted for publication},   pubtype = sub,   MR = {}, ZM= {} }@inproceedings{LiuHic04a,   author =  {K. I. Liu and F. J. Hickernell},   title =   {A Scalable Low Discrepancy Point Generator for Parallel Computing},   booktitle = {Parallel and Distributed Processing and Applications},   editor={J. Cao and L. T. Yang and M. Guo and F. Lau},   publisher={Springer-Verlag, Heidelberg},   series={Lecture Notes in Computer Science},   volume={3358},   pages ={257-262},   year =    2004,   pubtype = chap,   MR = {}, ZM= {} }@inproceedings{LiuHic05a,   author =  {K. I. Liu and F. J. Hickernell},   title =   {Experimental designs using digital nets with small numbers of points},   crossref = {NieTal05},   note = {to appear},   pubtype = chap,   MR = {}, ZM= {} }    @misc{LiuHic06a,   author =  {K. I. Liu and F. J. Hickernell},   title =   {Parallel Implementation of Scrambled Digital Point Sets},   note = {in preparation},   pubtype = prep,   MR = {}, ZM= {} }    @article{LiuFanHic05a,   author =  {M. Q. Liu and K. T. Fang and F. J. Hickernell},   title =   {Connections Among Different Criteria for Asymmetrical Fractional  Factorial Designs},   journal = SS,   year =    2005,  note = {to appear},   pubtype = art,   MR = {}, ZM= {} }@article{LiuHic01a,  AUTHOR = {M. Q. Liu and F. J. Hickernell},  TITLE = {${E(s^2)}$-Optimality and Minimum Discrepancy in 2-level Supersaturated Designs},  JOURNAL = SS,  volume = {12},  pages = {931-939},  YEAR = 2002,  pubtype = art,  MR = {2003h:62113}, ZM= {1002.62059} }}@article{LiuHic03a,   author =  {M. Q. Liu and F. J. Hickernell},   title =   {The Relationship Between Discrepancies Defined on A Domain and on Its Subset},   journal = {Metrika},   year =    2005,   note = {to appear},   pubtype = art,   MR = {}, ZM= {} }@BOOK{ProHic88,  AUTHOR = {W. Proskurowski and F. J. Hickernell},  TITLE = {Comp-U-Calc (software and user's manual/workbook)},  EDITION = {},  PUBLISHER = {Saunders College Publishing},  ADDRESS = {Philadelphia},  YEAR = 1988,  pubtype = book,  MR = {}, ZM= {} }@ARTICLE{SteEtal77,  AUTHOR = {W. E. Steinmetz and F. Hickernell and I. K. Mun and L. H. Scharpen},  TITLE = {The Conformational Analysis of 1-haloalkanes by Low Resolution Microwave Spectroscopy},  JOURNAL = {J. Molec.\ Spectro.},  VOLUME = {68},  PAGES = {173-182},  YEAR = 1977,  pubtype = art,  MR = {}, ZM= {} }@ARTICLE{SteEtal78,  AUTHOR = {W. E. Steinmetz and J. Hollenberg and F. Hickernell and C. E. Orr and L. H. Scharpen},  TITLE = {Conformational Analysis of Substituted Alkenes by Low Resolution Microwave Spectroscopy},  JOURNAL = {J. Phys.\ Chem.},  VOLUME = {82},  PAGES = {940-943},  YEAR = 1978,  pubtype = art,  MR = {}, ZM= {} }@ARTICLE{SteEtal79,  AUTHOR = {W. E. Steinmetz and J. E. Pollard and J. M. Blaney and B. K. Winker and I. K. Mun and F. J. Hickernell and S. J. Hollenberg},  TITLE = {Conformational Analysis of Conjugated Polyenes by Nuclear Magnetic Resonance and Low Resolution Microwave Spectroscopy},  JOURNAL = {J. Phys.\ Chem.},  VOLUME = {83},  PAGES = {1540-1545},  YEAR = 1979,  pubtype = art,  MR = {}, ZM= {} }@article{WanHic00,   author =  {X. Wang and F. J. Hickernell},   title =   {Randomized {H}alton Sequences},   journal = MCM,   year =    2000,   volume = 32,   pages = {887-899},   pubtype = art,   MR = {2001i:65010 }, ZM= {965.65005} }@article{WanHic00b,   author =  {F. J. Hickernell and X. Wang},   title =   {The Error Bounds and Tractability of Quasi-{M}onte {C}arlo Algorithms in Infinite Dimension},   journal = MC,   year =    2002,   volume= 71,   pages = {1641-1661},   note = {},   pubtype = art,   MR = {2003i:65009}, ZM= {pre01802731} }@misc{WanHicFan04a,   author =  {X. Wang and F. J. Hickernell and K. T. Fang},   title =   {Improving Quasi-{M}onte {C}arlo Integration Via Variance Reduction Techniques},   year =    2003,   pubtype = sub,   note = {submitted for publication},   MR = {}, ZM= {} }@inProceedings{WanHic02a,   author =    {Y. Wang and F. J. Hickernell},   title =     {An Historical Overview of Lattice Point Sets},   pages = {158-167},   crossref = {NieFanHic01},   pubtype = chap,   MR = {1 958 852}, ZM= {1012.11067}}@ARTICLE{WeiHic96,  AUTHOR = {B. C. Wei and F. J. Hickernell},  TITLE = {Regression Transformation Diagnostics for Explanatory Variables},  JOURNAL = SS,  VOLUME = {6},  PAGES = {433-454},  YEAR = 1996,  pubtype = art,  MR = {97f:62114}, ZM= {960.33138} }@misc{WonHic03a,   author =  {M. N. Wong and F. J. Hickernell and K. I. Liu},   title =   {Computing the Trace of a Function of a Sparse Matrix via {H}adamard-like Sampling},   journal = {},   year =    2004,  note = {submitted for publication},   pubtype = sub,   MR = {}, ZM= {} }@ARTICLE{YorHic89,  AUTHOR = {Y. C. Yortsos and F. J. Hickernell},  TITLE = {Linear Stability of Immiscible Displacement Processes in Porous Media},  JOURNAL = {SIAM J. Appl.\ Math.},  VOLUME = {49},  PAGES = {730-748},  YEAR = 1989,  pubtype = art,  MR = {91a:76085}, ZM= {669.76124} }@article{YueHic97a,  AUTHOR = {R. X. Yue and F. J. Hickernell},  TITLE = {Robust Designs for Fitting Linear Models with Misspecification},  journal = SS,  volume = 9,  pages={1053-1069},  YEAR = 1999,  pubtype = art,  MR = {2000k:62142}, ZM= {940.62071} }@article{YueHic97b,  AUTHOR = {R. X. Yue and F. J. Hickernell},  TITLE = {Robust Designs for Smoothing Spline {ANOVA} Models},  journal = {Metrika},  volume = 55,  pages = {161-176},  YEAR = 2002,  pubtype = art,  MR = {2003d:62108}, ZM= {} }  @article{YueHic00a,   author =  {R. X. Yue and F. J. Hickernell},   title =   {Integration and Approximation Based on Scramble Sampling in Arbitrary Dimensions },   journal = JComp,   volume = {17},   pages = {881-897},   year =    2001,   pubtype = art,   MR = {2002m:65005}, ZM= {0995.65005} }  @article{YueHic02a,   author =  {R. X. Yue and F. J. Hickernell},   title =   {The Discrepancy and Gain Coefficients of Scrambled Digital Nets},   journal = JComp,   volume = 18,   pages = {135-151},   year =    2002,   pubtype = art,   MR = {2003g:11086}, ZM= {pre01750220} }   @article{YueHic04a,   author =  {R. X. Yue and F. J. Hickernell},   title =   {Strong Tractablity of Integration Using Scrambled {N}iederreiter Points},   journal = MC,   pages = {},   year =    2004,   note = {to appear},   pubtype = art,   MR = {}, ZM= {} }       @misc{YueHic05a,   author =  {R. X. Yue and F. J. Hickernell},   title =   {Strong Tractablity of Multivariate Integration Over {B}anach Spaces},   year =    2004,   note = {submitted for publication},   pubtype = sub,   MR = {}, ZM= {} }       @inproceedings{ZenEtal05a,   author =  {X. Y. Zeng and K. T. Leung and F. J. Hickernell},   title =   {Error analysis of splines for periodic problems using lattice designs},   crossref = {NieTal05},   note = {to appear},   pubtype = chap,   MR = {}, ZM= {} }@article{ZhuHicAn97,   author =  {L. X. Zhu and F. J. Hickernell and H. Z. An},   title =   {A goodness-of-fit test for linearity of a stochastic regression model},   journal = {Chinese J. Contemp.\ Math.},   volume =  18,   pages =   {199-206},   year =    1997,   pubtype = art,   MR = {98g:62128}, ZM= {970.42723},}@PROCEEDINGS{AndEtal94,  TITLE = {Multivariate Analysis and Its Applications},  EDITOR = {T. W. Anderson and K. T. Fang and I. Olkin},  SERIES = {Lecture Notes -- Monograph Series},  VOLUME = {24},  PUBLISHER = {Institute of Mathematical Statistics, Hayward, California},  YEAR = 1994,  note = {F.\ J.\ Hickernell, (managing ed.)},  pubtype = ed,  MR = {98e:62010}, ZM = {}}@book{HelLar98,   title = {Random and Quasi-Random Point Sets},   booktitle = {Random and Quasi-Random Point Sets},   editor = {P. Hellekalek and G. Larcher},   SERIES = {Lecture Notes in Statistics},   volume = 138,   publisher = {Springer-Verlag},   address = {New York},   year =      1998}@proceedings{HicWoz01a,   editor = {F. J. Hickernell and H. Wo\'zniakowski},   title = {Special Issue on the Complexity of Multivariate Problems},   series = JCOMP,   volume = {17, no.\ 4},   number = {},   publisher = {Academic Press, Orlando, FL},   address = {},   month = {December},   year =  2001,   pubtype = ed,   MR = {1 881 659}, ZM= {993.00035} }@PROCEEDINGS{NieShi95,  TITLE = {{M}onte {C}arlo and Quasi-{M}onte {C}arlo Methods in Scientific Computing},   bookTITLE = {{M}onte {C}arlo and Quasi-{M}onte {C}arlo Methods in Scientific Computing},   EDITOR = {H. Niederreiter and P. J.-S. Shiue},   SERIES = {Lecture Notes in Statistics},   VOLUME = {106},   PUBLISHER = {Springer-Verlag, New York},   YEAR = 1995}@PROCEEDINGS{NieSpa99,   TITLE = {{M}onte {C}arlo and Quasi-{M}onte {C}arlo Methods 1998},   bookTITLE = {{M}onte {C}arlo and Quasi-{M}onte {C}arlo Methods 1998},   EDITOR = {H. Niederreiter and J. Spanier},   PUBLISHER = {Springer-Verlag, Berlin},   YEAR = 2000}@PROCEEDINGS{NieFanHic01,   TITLE = {{M}onte {C}arlo and Quasi-{M}onte {C}arlo Methods 2000},   bookTITLE = {{M}onte {C}arlo and Quasi-{M}onte {C}arlo Methods 2000},   EDITOR = {K. T. Fang and F. J. Hickernell and H. Niederreiter},   PUBLISHER = {Springer-Verlag, Berlin},   pubtype = ed,  YEAR = 2002,  MR = {2003i:65006}, ZM= {0980.00040 } }   @PROCEEDINGS{Nie04,     TITLE = {{M}onte {C}arlo and Quasi-{M}onte {C}arlo Methods 2002},     bookTITLE = {{M}onte {C}arlo and Quasi-{M}onte {C}arlo Methods 2002},     EDITOR = {H. Niederreiter},     PUBLISHER = {Springer-Verlag, Berlin},     pubtype = ed,    YEAR = 2004}@PROCEEDINGS{NieTal05,     TITLE = {{M}onte {C}arlo and Quasi-{M}onte {C}arlo Methods 2004},     bookTITLE = {{M}onte {C}arlo and Quasi-{M}onte {C}arlo Methods 2004},     EDITOR = {H. Niederreiter and D. Talay},     PUBLISHER = {Springer-Verlag, Berlin},     pubtype = ed,    YEAR = 2005}@PROCEEDINGS{ChaYau01,   TITLE = {Applied Probability},    booktitle = {Applied Probability},  EDITOR = {R. Chan and Y.-K. Kwok and D. Yao and Q. Zhang},   PUBLISHER = {American Mathematical Society, Providence, Rhode Island},   series = {AMS/IP Studies in Advanced Mathematics},  volume = 26,  YEAR = 2002}     @PROCEEDINGS{CheShuTan03,   TITLE = {Recent Advances in Scientific Computing and Partial Differential Equations},    booktitle = {Recent Advances in Scientific Computing and Partial Differential Equations},  EDITOR = {S. Y. Cheng and C.-W. Shu and T. Tang},   PUBLISHER = {American Mathematical Society, Providence, Rhode Island},   series = {AMS Series in Contemporary Mathematics},  volume = {330},  YEAR = 2003}@book{KotEtal04,   TITLE = {Encyclopedia of Statistical Sciences},    booktitle = {Encyclopedia of Statistical Sciences},  EDITOR = {S. Kotz and N. L. Johnson and C. B. Read and N. Balakrishnan and B. Vidakovic},   PUBLISHER = {John Wiley \& Sons},   address = {Hoboken, NJ},  edition = {Second},  volume = {},  YEAR = 2004}  @book{fang65birth,   TITLE = {Contemporary Multivariate Analysis and Experimental Design},    booktitle = {Contemporary Multivariate Analysis and Experimental Design},  EDITOR = {J. Fan and G. Li},   series = {Series in Biostatistics},  PUBLISHER = {World Scientific},   address = {Singapore},  volume = {2},  YEAR = 2005}