%Bibliographic data base created by Fred J. Hickernell@STRING{AnnProb = {Ann. Probab.}}@STRING{AnnStat = {Ann. Stat.}}@STRING{ACMTOMS = {ACM Trans. Math. Softw.}}@STRING{JASA = {J. Amer. Statist. Assoc.}}@STRING{JCAM = {J. Comput. Appl. Math.}}@STRING{JCGS = {J. Comput. Graph. Statist.}}@STRING{JCP = {J. Comput. Phys.}}@STRING{JMA = {J. Multivariate Anal.}}@STRING{JRSSB = {J. Roy. Statist. Soc. B}}@STRING{JTSA = {J. Time. Ser. Anal.}}@STRING{MC = {Math. Comp.}}@STRING{NumMath = {Numer. Math.}}@STRING{SISC = {SIAM J. Sci. Comput.}}@STRING{SINUM = {SIAM J. Numer. Anal.}}@STRING{SIREV = {SIAM Rev.}}@STRING{SS = {Statist. Sinica}}@ARTICLE{Ale84,  AUTHOR = {K. S. Alexander},  TITLE = {Probability Inequalities for Empirical Processes and a Law of the Iterated Logarithm},  JOURNAL = AnnProb,  VOLUME = {12},  PAGES = {1041-1067},  YEAR = 1984 }@ARTICLE{An90,  AUTHOR = {H. Z. An},  TITLE = {Non-negative Autoregressive Models},  JOURNAL = JTSA,  VOLUME = {13},  PAGES = {283-295},  YEAR = 1990 }@ARTICLE{AnChe83,  AUTHOR = {H. Z. An and Z. G. Chen},  TITLE = {On the Convergence of LAD Autoregression with Infinite Variance},  JOURNAL = JMA,  VOLUME = {12},  PAGES = {335-345},  YEAR = 1983 }@ARTICLE{AnCheHan82,  AUTHOR = {H. Z. An and Z. G. Chen and E. J. Hannan},  TITLE = {Autocorrelation, Autoregression and Autoregressive Approximation},  JOURNAL = AnnStat,  VOLUME = {10},  PAGES = {926-936},  YEAR = 1982 }@ARTICLE{And89,  AUTHOR = {J. And\v{e}l},  TITLE = {Non-negative Autoregressive Processes},  JOURNAL = JTSA,  VOLUME = {10},  PAGES = {1-11},  YEAR = 1989 }@ARTICLE{ArcGin91,  AUTHOR = {M. A. Arcones and E. Gin\'{e}},  TITLE = {Limit Theorems for $U$-Processes},  JOURNAL = AnnProb,  VOLUME = {21},  PAGES = {1494-1542},  YEAR = 1991 }@ARTICLE{BelSmi86,  AUTHOR = {C. B. Bell and E. P. Smith},  TITLE = {Inference for Non-negative Autoregressive Schemes},  JOURNAL = {Comm. Statist. Theory  Methods},  VOLUME = {15},  PAGES = {2267-2293},  YEAR = 1986 }@article{BicHer79,   author =  {P. J. Bickel and A. M. Herzberg},   title =   {Robustness of Design Against Autocorrelation in Time {I}: Asymptotic Theory, Optimality for Location and Linear Regression},   journal = AnnStat,   volume =  7,   pages =   {77-95},   year =    1979,   note =    {},}@article{BoxDra59,   author =  {G. E. P. Box and N. R. Draper},   title =   {A Basis for the Selelction of a Response Surface Design},   journal = JASA,   volume =  54,   pages =   {622-654},   year =    1959,   note =    {},}@ARTICLE{CheWu88,  AUTHOR = {X. R. Chen and Y. H. Wu},  TITLE = {Strong Consistency of $M$-estimates in Linear Models},  JOURNAL = JMA,  VOLUME = {27},  PAGES = {116-130},  YEAR = 1988 }  @article{CheMuk99,   author =  {C. S. Cheng and R. Mukerjee},   title =   {Designs with Maximum Estimation Capacity},   journal = AnnStat,   pages = {2289-2300},   year =    1999,}@article{CheEtal98,   author =  {C. S. Cheng and D. M. Steinberg and D. X. Sun},   title =   {Minimum aberration and model robustness for two-level factorial designs},   journal = JRSSB,   year =    1998,   note = {to appear}}    @BOOK{ChoTei78,  AUTHOR = {Y. S. Chow and H. Teicher},  TITLE = {Probability Theory},  EDITION = {},  PUBLISHER = {Springer-Verlag},  ADDRESS = {New York},  YEAR = 1978 }  @book{Dey85,   author =    {A. Dey},   title =     {Orthogonal Fractional Factorial Designs},   publisher = {John Wiley \& Sons},   address = {New York},   year =      1985,}@misc{FanMuk99,author={K. T. Fang and R. Mukerjee}, title={Connection between uniformity and aberration in regular fractions of two-level factorials},   howpublished = {preprint},   year = 1999,}@misc{FanWin98,author={K. T. Fang and Peter Winker}, title={Uniformity and orthogonality},year = 1998,}@article{FriHun80,   author =  {A. Fries and W. G. Hunter},   title =   {Minimum aberration $2^{k-p}$ designs},   journal = {Technometrics},   pages = {601-608},   year =    1980,}@book{GerSeb79,   author =    {A. V. Geramita and J. Seberry},   title =     {Orthogonal Designs},   publisher = {Marcel Dekker, Inc.},   ADDRESS = {New York},   year =      1979,}@BOOK{Ham86,  AUTHOR = {F. R. Hampel et. al.},  TITLE = {Robust Statistics},  EDITION = {},  PUBLISHER = {John Wiley \& Sons},  ADDRESS = {New York},  YEAR = 1986 }@inProceedings{Hub75,   author =    {P. J. Huber},   title =     {Robustness and designs},   booktitle = { A Survey of Statistical Design and Linear Models},   editor =    {J. N. Srivastava},   PUBLISHER = {North Holland},   ADDRESS =   {Amsterdam},   pages =     {287-303},   year =      1975,}@book{Hub81,   author =    {P. J. Huber},   title =     {Robust Statistics},   PUBLISHER = {John Wiley \& Sons},   ADDRESS =   {New York},   year =      1981,}@ARTICLE{Kou82,  AUTHOR = {I. A. Koutrouvelis},  TITLE = { Regression with Stable Errors: an Empirical Characteristic Function Approach.},  JOURNAL = {Statistica},  VOLUME = {42},  PAGES = {209-222},  YEAR = 1982 }@ARTICLE{LaiWei82,  AUTHOR = {T. L. Lai and C. Z. Wei},  TITLE = {Least Squares Estimates in Stochastic Regression Models with Spplications to Identification and Control of Dynamic Systems.},  JOURNAL = AnnStat,  VOLUME = {10},  PAGES = {154-166},  YEAR = 1982 }@article{LiaFan96,   author =  { Y. Z. Liang and K. T. Fang},   title =   {Some Robust Multivariate Calibration Algorithm Based on Least Median Squares and Sequential Number-Theoretic Optimization Method},   journal = {Analyst Chem.},   volume =  {},   pages =   {},   year =    1996,   note =    {in press},}@misc{MaFan99,author={C. Ma and K. T. Fang}, title ={Applications of uniformity to orthogonal fractional factorial designs},   howpublished = {preprint},   year = 1998,}@ARTICLE{NolPol88,  AUTHOR = {D. Nolan and D. Pollard},  TITLE = {Functional Limit Theorems for $U$-Processes},  JOURNAL = AnnProb,  VOLUME = {16},  PAGES = {1291-1298},  YEAR = 1988 }@article{Pes82,   author =  {L. Pesotchinsky},   title =   {Optimal Robust Designs: Linear Regression in {$R^k$}},   journal = AnnStat,   volume =  10,   pages =   {511-525},   year =    1982,   note =    {},}@BOOK{Pol84,  AUTHOR = {D. Pollard},  TITLE = {Convergence  of  Stochastic  Processes},  EDITION = {},  PUBLISHER = {Springer-Verlag},  ADDRESS = {New York},  YEAR = 1984 }@ARTICLE{Rie50,  AUTHOR = {O. Reiersol},  TITLE = {Identifiability of a Linear Relation Between Variables Which are Subject to Error},  JOURNAL = {Econometrica},  VOLUME = {18},  PAGES = {375-389},  YEAR = 1950 }@ARTICLE{Rou81,  AUTHOR = {P. J. Rousseeuw},  TITLE = {A New Infintesimal Approach to Robust Estimation},  JOURNAL = {Z. Wahrschrerw. Geb.},  VOLUME = {56},  PAGES = {127-132},  YEAR = 1981 }@ARTICLE{Sch86,  AUTHOR = {A. Schick},  TITLE = {On Asymptotically Efficient Estimation in Semi-Parametric Models.},  JOURNAL = AnnStat,  VOLUME = {14},  PAGES = {1139-1151},  YEAR = 1986 }@phdThesis{Sun93,   author = {D. X. Sun},   title =  {Estimation capacity and related topics in experimental designs},   school = {Univ.\ Waterloo},   year =   1993,}@book{Tag86,   author =    {G. Taguchi},   title =     {Introduction to Quality Engineering},   publisher = {Asian Production Organization},   address = {Tokyo},   year =      1986,}@misc{WieZho96,   author = {D. P. Weins and J. Zhou},   title = {Robust Designs Based on the Infinitesimal Approach},   howpublished = {preprint},   year = 1996,}    