%Bibliographic data base created by Fred J. Hickernell of own papers@PREAMBLE{"\def\Ignore#1{}"}@PREAMBLE{"\def\notesupp#1{}"} %use {#1} or {} to get \notesupp or not@STRING{AnnStat = {Ann.\ Stat.}}@STRING{ACMTOMACS = {ACM Trans. Model. Comput. Simul.}}@STRING{ACMTOMS = {ACM Trans.\ Math.\ Softw.}}@STRING{JASA = {J. Amer.\ Statist. Assoc.}}@STRING{JCAM = {J. Comput.\ Appl.\ Math.}}@STRING{JCGS = {J. Comput.\ Graph.\ Statist.}}@STRING{JCP = {J. Comput.\ Phys.}}@STRING{JComp = {J. Complexity}}@STRING{JRSSB = {J. Roy.\ Statist.\ Soc.\ B}}@STRING{MC = {Math.\ Comp.}}@STRING{MCM = {Math.\ Comput.\ Modelling}}@STRING{NumMath = {Numer.\ Math.}}@STRING{SISC = {SIAM J. Sci.\ Comput.}}@STRING{SINUM = {SIAM J. Numer.\ Anal.}}@STRING{SIREV = {SIAM Rev.}}@STRING{SS = {Statist.\ Sinica}}@STRING{StatProb = {Statist.\ Probab.\ Lett.}}@STRING{StAM = {Stud.\ Appl.\ Math}}@STRING{art = {\Ignore{a}Refereed Journal Articles}}@STRING{book = {\Ignore{b}Book}}@STRING{chap = {\Ignore{c}Refereed and/or Invited Book Chapters and Conference Papers}}@STRING{ed = {\Ignore{d}Edited Volumes}}@STRING{oth = {\Ignore{o}Other Publications}}@STRING{sub = {\Ignore{u}Manuscripts Under Review}}@STRING{prep = {\Ignore{z}Manuscripts in Preparation}}@ARTICLE{FanHic95,  AUTHOR = {K. T. Fang and F. J. Hickernell},  TITLE = {The Uniform Design and Its Applications},  JOURNAL = {Bull.\ Inst.\ Internat.\ Statist., $50^{\mbox{th}}$ Session, Book 1},  address = {Beijing},  PAGES = {333-349},  YEAR = 1995,  pubtype = chap,  MR = {}, ZM= {}}@article{HeiHicYue02a,   author =  {S. Heinrich and F. J. Hickernell and R. X. Yue},   title =   {Optimal Quadrature for {H}aar Wavelet Spaces},   year =    2004,   journal = MC,   volume = 73,   pages = {259-277},   pubtype = art,   MR = {}, ZM= {} }  @inproceedings{HeiHicYue02b,   author =  {S. Heinrich and F. J. Hickernell and R. X. Yue},   title =   {Integration of Multivariate {H}aar Wavelet Series},   booktitle = {Wavelet Analysis and Its Applications},   editor = {Y. Y. Tang and V. Wickerhauser and P. C. Yuen and C. H. Li},   series = {Lecture Notes in Computer Science},   publisher = {Springer-Verlag, New York},   number = 2251,   pages = {99-106},   year = 2001,   pubtype = chap,    MR = {}, ZM= {} }     @INPROCEEDINGS{Hic95,  AUTHOR = {F. J. Hickernell},  TITLE = {A Comparison of Random and Quasirandom Points for Multidimensional Quadrature},  PAGES = {213-227},  crossref={NieShi95},  pubtype = chap,  MR = {1 445 789}, ZM= {831.65023}  }@ARTICLE{Hic96a,  AUTHOR = {F. J. Hickernell},  TITLE = {Quadrature Error Bounds with Applications to Lattice Rules},  JOURNAL = SINUM,  VOLUME = {33},  PAGES = {1995-2016},  YEAR = 1996,  note = {corrected printing of Sections 3-6 in ibid., {\bf 34} (1997), 853--866 },  pubtype = art,  MR = {97m:6050}, ZM= {855.41024} }@ARTICLE{Hic96b,  AUTHOR = {F. J. Hickernell},  TITLE = {The Mean Square Discrepancy of Randomized Nets},  JOURNAL = ACMTOMACS,  volume = 6,  pages ={274-296},  YEAR = 1996,  pubtype = art,  MR = {}, ZM= {887.65030}  }@ARTICLE{Hic97a,  AUTHOR = {F. J. Hickernell},  TITLE = {A Generalized Discrepancy and Quadrature Error Bound},  JOURNAL = MC,  volume = 67,  pages = {299-322},  YEAR = 1998,  pubtype = art,  MR = {98c:65032}, ZM= {889.41025} }@inCollection{Hic98b,   author =    {F. J. Hickernell},   title =     {Lattice Rules: How Well Do They Measure Up?},   pages={109-166},   crossref = {HelLar98},  pubtype = chap,  MR = {2000b:65007}, ZM= {990.18504 }}@article{Hic99a,   author =  {F. J. Hickernell},   title =   {Goodness-of-Fit Statistics, Discrepancies and Robust Designs},   journal = StatProb,   volume = 44,   pages = {73-78},   year =    1999,  pubtype = art,  MR = {1 706 366}, ZM= {991.13614}}@inProceedings{Hic99b,   author =    {F. J. Hickernell},   title =     {What Affects the Accuracy of Quasi-{M}onte {C}arlo Quadrature?},   crossref= {NieSpa99},   pages = {16-55},   note = {},   pubtype = chap,   MR = {2002e:65010}, ZM= {941.65025}}@inProceedings{Hic01a,   author =    {F. J. Hickernell},   title =     {Obtaining {$O(N^{-2+\epsilon})$} Convergence for Lattice Quadrature Rules},   pages = {274-289},   crossref = {NieFanHic01},   pubtype = chap,   note = {},   MR = {1 958 860}, ZM= {1002.62059}}@article{Hic03b,   author =    {F. J. Hickernell},   title =     {My Dream Quadrature Rule},   journal = JComp,   volume = {19},   pages = {420-427},   pubtype = chap,   year = 2003,   note ={},   MR = {1 984 124}, ZM= {}}@inProceedings{HicHon97a,   author =    {F. J. Hickernell and H. S. Hong},   TITLE = {Computing Multivariate Normal Probabilities Using Rank-1 Lattice Sequences},   booktitle = {Proceedings of the Workshop on Scientific Computing},   address = {Hong Kong},   editor = {G. H. Golub and S. H. Lui and F. T. Luk and R. J. Plemmons},   publisher = {Springer-Verlag, Singapore},   pages = {209-215},   year =      1997,  pubtype = chap,  MR = {1 729 661}, ZM= {922.65099}}@article{HicHon98a,  AUTHOR = {F. J. Hickernell and H. S. Hong},  TITLE = {The Asymptotic Efficiency of Randomized Nets for Quadrature},  JOURNAL = MC,  volume = 68,  pages = {767-791},  YEAR = 1999,  pubtype = art,  MR = {99i:65021}, ZM= {990.07842} }@inProceedings{Hic00a,   author =    {F. J. Hickernell and H. S. Hong},   title =     {Quasi-{M}onte {C}arlo Methods and Their Randomizations},   crossref={ChaYau01},   pages = {59-77},   pubtype = chap,   MR = {2003g:65006 }, ZM= {1007.65003}}@article{HicEtal00,  AUTHOR = {F. J. Hickernell and H. S. Hong and P. L'{\'E}cuyer and C. Lemieux},  TITLE = {Extensible Lattice Sequences for Quasi-{M}onte {C}arlo Quadrature},  JOURNAL = SISC,  volume = {22},  pages = {1117-1138},  YEAR = 2000,  pubtype = art,  note = {},  MR = {2001h:65032}, ZM= {974.65004} }}@article{HicLiu01a,  AUTHOR = {F. J. Hickernell and M. Q. Liu},  TITLE = {Uniform Designs Limit Aliasing},  JOURNAL = {Biometrika},  volume = {89},  pages = {893-904},  YEAR = 2002,  pubtype = art,  MR = {2003h:62116}, ZM= {} }}@article{HicLiuYam01a,  AUTHOR = {F. J. Hickernell and M. Q. Liu and Y. C. Yam},  TITLE = {Discrepancy Measures of Uniformity},  JOURNAL = {J. Chinese Statistical Association},  volume = {38},  pages = {353-373},  YEAR = 2000,  language = {Chinese},  pubtype = art,  MR = {}, ZM= {} }}@article{HicNie03a,  AUTHOR = {F. J. Hickernell and H. Niederreiter},  TITLE = {The Existence of Good Extensible Rank-1 Lattices},  JOURNAL = JComp,  volume = {19},  pages = {286-300},  YEAR = 2003,  pubtype = art,  MR = {1 984 115}, ZM= {} }}@article{HicSloWas03a,  AUTHOR = {F. J. Hickernell and I. H. Sloan and G. W. Wasilkowski},  TITLE = {On Tractability of Weighted Integration over Bounded and Unbounded Regions in {$\mathbb{R}^s$}},  JOURNAL = MC,  volume = {},  pages = {},  YEAR = 2004,  pubtype = art,  note = {to appear},  MR = {}, ZM= {} }}@inproceedings{HicSloWas03b,  AUTHOR = {F. J. Hickernell and I. H. Sloan and G. W. Wasilkowski},  TITLE = {On Tractability of Weighted Integration for Certain {B}anach Spaces of Functions},  crossref={Nie04},  pages = {51-71},  pubtype = chap,  MR = {}, ZM= {} }}@article{HicSloWas03c,  AUTHOR = {F. J. Hickernell and I. H. Sloan and G. W. Wasilkowski},  TITLE = {On Strong Tractability of Weighted Multivariate Integration},  JOURNAL = MC,  volume = {},  pages = {},  YEAR = 2004,  pubtype = art,  note = {to appear},  MR = {}, ZM= {} }}@inproceedings{HicSloWas03e,  AUTHOR = {F. J. Hickernell and I. H. Sloan and G. W. Wasilkowski},  TITLE = {The Strong Tractability of Multivariate Integration Using Lattice Rules},  crossref={Nie04},  pages = {259-273},  pubtype = chap,  MR = {}, ZM= {} }}@article{HicWoz99,   author =  {F. J. Hickernell and H. Wo\'zniakowski},   title =   {Integration and Approximation in Arbitrary Dimensions},   journal = {Adv.\ Comput.\ Math.},   volume = 12,   pages = {25-58},   year =    2000,  pubtype = art,  MR = {2001d:65017}, ZM= {939.41004}}  @article{HicWoz00a,  AUTHOR = {F. J. Hickernell and H. Wo\'zniakowski},  TITLE = {The Price of Pessimism for Multidimensional Quadrature},  JOURNAL = JComp,  VOLUME = {17},  PAGES = {625-659},  YEAR = 2001,  pubtype = art,   MR = {2002m:60013}, ZM= {1006.65022} }  @article{HicWoz00b,  AUTHOR = {F. J. Hickernell and H. Wo\'zniakowski},  TITLE = {Tractability of Multivariate Integration for Periodic Functions},  JOURNAL = JComp,  VOLUME = {17},  PAGES = {660-682},  YEAR = 2001,  pubtype = art,  MR = {2003g:65028}, ZM= {1006.65023} }  @ARTICLE{HicYor86,  AUTHOR = {F. J. Hickernell and Y. C. Yortsos},  TITLE = {Linear Stability of Miscible Displacement Processes in Porous Media in the Absence of Dispersion},  JOURNAL = StAM,  VOLUME = {74},  PAGES = {93-115},  YEAR = 1986,  pubtype = art,  MR = {87e:76073}, ZM= {603.76091} }@article{HicYua98,   author =  {F. J. Hickernell and Y. X. Yuan},   title =   {A simple multi-start algorithm for global optimization},   journal = {Oper.\ Res.\ Trans.},   volume =  {1},   pages =   {1-11},   year =    1997,  pubtype = art,  MR = {}, ZM= {},}@article{HicYue00,  AUTHOR = {F. J. Hickernell and R. X. Yue},  TITLE = {The Mean Square Discrepancy of Scrambled $(t,s)$-Sequences},  JOURNAL = SINUM,  VOLUME = {38},  PAGES = {1089-1112},  YEAR = 2000,  pubtype = art,  note = {},  MR = {2002c:65009}, ZM= {pre1519717} }  @article{HonHic00a,  AUTHOR = {H. S. Hong and F. J. Hickernell},  TITLE = {Implementing Scrambled Digital Nets},  JOURNAL = ACMTOMS,  VOLUME = {29},  PAGES = {95-109},  YEAR = 2003,  pubtype = art,  note = {},  MR = {}, ZM= {} }  @article{HonHicWei03,  AUTHOR = {H. S. Hong and F. J. Hickernell and G. Wei},  TITLE = {The Distribution of the Discrepancy of Scrambled  	 Digital $(t,m,s)$-Nets},  JOURNAL = {Math.\ Comput.\ Simulation},  VOLUME = {62},  PAGES = {335-345},  YEAR = 2003,  pubtype = art,  MR = {1 988 381}, ZM= {pre01912339} }  @inProceedings{LiHic03a,   author =  {D. Li and F. J. Hickernell},   title = {Trigonometric Spectral Collocation Methods on Lattices},   crossref =    {CheShuTan03},   pages = {121-132},   pubtype = chap,   MR = {}, ZM= {} }   @article{LiaEtal99,   author =  {J. J. Liang and K. T. Fang and F. J. Hickernell and R. Li},   title =   {Testing Multivariate Uniformity and Its Applications},   journal = MC,   volume = 70,   pages = {337-355},   year =    2001,   note =    {},  pubtype = art,  MR = {2001f:62032}, ZM= {991.72287},}  @article{LiuHic01a,  AUTHOR = {M. Q. Liu and F. J. Hickernell},  TITLE = {${E(s^2)}$-Optimality and Minimum Discrepancy in 2-level Supersaturated Designs},  JOURNAL = SS,  volume = {12},  pages = {931-939},  YEAR = 2002,  pubtype = art,  MR = {2003h:62113}, ZM= {1002.62059} }}@article{WanHic00,   author =  {X. Wang and F. J. Hickernell},   title =   {Randomized {H}alton Sequences},   journal = MCM,   year =    2000,   volume = 32,   pages = {887-899},   pubtype = art,   MR = {2001i:65010 }, ZM= {965.65005} }@article{WanHic00b,   author =  {F. J. Hickernell and X. Wang},   title =   {The Error Bounds and Tractability of Quasi-{M}onte {C}arlo Algorithms in Infinite Dimension},   journal = MC,   year =    2002,   volume= 71,   pages = {1641-1661},   note = {},   pubtype = art,   MR = {2003i:65009}, ZM= {pre01802731} }@misc{WanHicFan04a,   author =  {X. Wang and F. J. Hickernell and K. T. Fang},   title =   {Improving Quasi-{M}onte {C}arlo Integration Via Variance Reduction Techniques},   year =    2003,   pubtype = sub,   note = {submitted for publication},   MR = {}, ZM= {} }@inProceedings{WanHic02a,   author =    {Y. Wang and F. J. Hickernell},   title =     {An Historical Overview of Lattice Point Sets},   pages = {158-167},   crossref = {NieFanHic01},   pubtype = chap,   MR = {1 958 852}, ZM= {1012.11067}}@article{YueHic00a,   author =  {R. X. Yue and F. J. Hickernell},   title =   {Integration and Approximation Based on Scramble Sampling in Arbitrary Dimensions },   journal = JComp,   volume = {17},   pages = {881-897},   year =    2001,   pubtype = art,   MR = {2002m:65005}, ZM= {0995.65005} }  @article{YueHic02a,   author =  {R. X. Yue and F. J. Hickernell},   title =   {The Discrepancy and Gain Coefficients of Scrambled Digital Nets},   journal = JComp,   volume = 18,   pages = {135-151},   year =    2002,   pubtype = art,   MR = {2003g:11086}, ZM= {pre01750220} }   @book{HelLar98,   title = {Random and Quasi-Random Point Sets},   booktitle = {Random and Quasi-Random Point Sets},   editor = {P. Hellekalek and G. Larcher},   SERIES = {Lecture Notes in Statistics},   volume = 138,   publisher = {Springer-Verlag},   address = {New York},   year =      1998}@PROCEEDINGS{NieShi95,  TITLE = {{M}onte {C}arlo and Quasi-{M}onte {C}arlo Methods in Scientific Computing},   bookTITLE = {{M}onte {C}arlo and Quasi-{M}onte {C}arlo Methods in Scientific Computing},   EDITOR = {H. Niederreiter and P. J.-S. Shiue},   SERIES = {Lecture Notes in Statistics},   VOLUME = {106},   PUBLISHER = {Springer-Verlag, New York},   YEAR = 1995}@PROCEEDINGS{NieSpa99,   TITLE = {{M}onte {C}arlo and Quasi-{M}onte {C}arlo Methods 1998},   bookTITLE = {{M}onte {C}arlo and Quasi-{M}onte {C}arlo Methods 1998},   EDITOR = {H. Niederreiter and J. Spanier},   PUBLISHER = {Springer-Verlag, Berlin},   YEAR = 2000}@PROCEEDINGS{NieFanHic01,   TITLE = {{M}onte {C}arlo and Quasi-{M}onte {C}arlo Methods 2000},   bookTITLE = {{M}onte {C}arlo and Quasi-{M}onte {C}arlo Methods 2000},   EDITOR = {K. T. Fang and F. J. Hickernell and H. Niederreiter},   PUBLISHER = {Springer-Verlag, Berlin},   pubtype = ed,  YEAR = 2002,  MR = {2003i:65006}, ZM= {0980.00040 } }   @PROCEEDINGS{Nie04,     TITLE = {{M}onte {C}arlo and Quasi-{M}onte {C}arlo Methods 2002},     bookTITLE = {{M}onte {C}arlo and Quasi-{M}onte {C}arlo Methods 2002},     EDITOR = {H. Niederreiter},     PUBLISHER = {Springer-Verlag, Berlin},     pubtype = ed,    YEAR = 2004}@PROCEEDINGS{ChaYau01,   TITLE = {Applied Probability},    booktitle = {Applied Probability},  EDITOR = {R. Chan and Y.-K. Kwok and D. Yao and Q. Zhang},   PUBLISHER = {American Mathematical Society, Providence, Rhode Island},   series = {AMS/IP Studies in Advanced Mathematics},  volume = 26,  YEAR = 2002}     @PROCEEDINGS{CheShuTan03,   TITLE = {Recent Advances in Scientific Computing and Partial Differential Equations},    booktitle = {Recent Advances in Scientific Computing and Partial Differential Equations},  EDITOR = {S. Y. Cheng and C.-W. Shu and T. Tang},   PUBLISHER = {American Mathematical Society, Providence, Rhode Island},   series = {AMS Series in Contemporary Mathematics},  volume = {330},  YEAR = 2003}@book{KotEtal04,   TITLE = {Encyclopedia of Statistical Sciences},    booktitle = {Encyclopedia of Statistical Sciences},  EDITOR = {S. Kotz and N. L. Johnson and C. B. Read and N. Balakrishnan and B. Vidakovic},   PUBLISHER = {John Wiley \& Sons},   address = {Hoboken, NJ},  edition = {Second},  volume = {},  YEAR = 2004}