%Bibliographic data base created by Fred J. Hickernell@PREAMBLE{"\def\Ignore#1{}"}@STRING{AnnStat = {Ann.\ Stat.}}@STRING{ACMTOMACS = {ACM Trans.\ Model.\ Comput.\ Simul.}}@STRING{ACMTOMS = {ACM Trans.\ Math.\ Software}}@STRING{CMA = {Comput.\ Math.\ Appl.}} @STRING{JASA = {J. Amer.\ Statist.\ Assoc.}}@STRING{JCAM = {J. Comput.\ Appl.\ Math.}}@STRING{JCGS = {J. Comput.\ Graph.\ Statist.}}@STRING{JCP = {J. Comput.\ Phys.}}@STRING{JComp = {J. Complexity}}@STRING{JRSSB = {J. Roy.\ Statist.\ Soc.\ B}}@STRING{MC = {Math.\ Comp.}}@STRING{MCM = {Mathl.\ Comput.\ Modelling}}@STRING{NumMath = {Numer.\ Math.}}@STRING{SISC = {SIAM J. Sci.\ Comput.}}@STRING{SINUM = {SIAM J. Numer.\ Anal.}}@STRING{SIREV = {SIAM Rev.}}@STRING{SS = {Statist.\ Sinica}}@STRING{StatProb = {Statist.\ Probab.\ Lett.}}@STRING{art = {\Ignore{a}Refereed Journal Articles}}@STRING{book = {\Ignore{b}Book}}@STRING{chap = {\Ignore{c}Refereed and/or Invited Book Chapters and Conference Papers}}@STRING{ed = {\Ignore{d}Edited Volumes}}@STRING{oth = {\Ignore{o}Other Publications}}@STRING{sub = {\Ignore{u}Manuscripts Under Review}}@STRING{prep = {\Ignore{z}Manuscripts in Preparation}}@article{TanTanZha03a,  author={H. Z. Tang and T. Tang and P. W. Zhang},   title={An adaptive mesh redistribution method for nonlinear Hamilton-Jacobi equations in two and three dimensions},   journal={J. Comput.\ Phys.},  volume= 188,  year=2003,   pages={543-572},  } @article{TanTenXin03,   author={T. Tang and Z.-H. Teng and Z.-P. Xin},    title={Fractional rate of convergence for viscous approximation to   nonconvex conservation laws},    journal={SIAM J. Math.\ Anal.},   volume={35},   year=2003,    pages={98-122},   } @article{HuaEtal03a,   author={Y. Q. Huang and Z. C. Shi and T. Tang and W. M. Xue},    title={Multilevel successive iteration methods for elliptic problems},    journal= MC,   year ={2003},   note={to appear},   }@article{LiEtal02a,   author ={R. Li and W.-B. Liu and H. P. Ma and T. Tang},    title = {Adaptive finite element approximation for distributed elliptic optimal control problems},    journal = {SIAM J. Control Optim.},   volume = 41,   year = 2002,    pages = {1321-1349},   }@article{LiTanZha02a,   author = {R. Li and T. Tang and P.-W. Zhang},    title = {A moving mesh finite element algorithm for singular problems in   two and three space dimensions},    journal = {J. Comput.\ Phys.},    volume = {177},   year = 2002,    pages = {365-393},   } @article{KanTanTen01a,   author = {Y. X. Kan and T. Tang and Z. H. Teng},    title = {On the piecewisely smooth solutions to non-homogeneous scalar   conservation laws},    journal = {J. Differential Equations},   volume = {175},   year = 2001,   pages = {27-50},   } @article{LiTanZha01a,   author = {R. Li and T. Tang and P.-W. Zhang},    title = {Moving mesh methods in multiple dimensions based on harmonic maps},   journal = {J. Comput.\ Phys.},   volume = 170,   year = 2001,    pages = {562-588},   }@article{MeiHeFan04a,   author = {C. L. Mei and S. Y. He  and K. T. Fang},    title = {Inferences on the mixed geographically weighted regression model},   journal = {Journal of Regional Science},    volume = 44,   year = 2004,      note = {to appear},   }   @article{MeiHeWa03a,   author = {C. L. Mei and S. Y. He  and Y. H. Wang},    title = {A note on the nonparametric least-squares test for checking a polynomial relationship},   journal = {Acta Math.\ Appl.\ Sinica},    volume = {19},   year  = {2003},   note ={to appear},   }   @article{MeiZha02a,   author = {C. L. Mei  and W. X. Zhang},    title = {Testing for linear regression relationgship    based on lacally weighted techniques},   journal = {J. Systems Sci.\ Math.\ Sci.},   language = {Chinese},   volume = 22,   year = 2002,    pages = {467-480},   }   @article{LiuMei03,   author = {L. X. Liu and C. L. Mei},    title = {Some notes on the limit theorems of negatively    associated random variables},   year = 2003,   note = {submitted for publication},   }@article{HeEtal03a,  author = {S. Y. He and G. L. Yang and K. T. Fang and J. F. Widmann},  title = {Consistent Estimation of  Poisson Intensity in the Presence of Dead Time},   journal = JASA,  year = 2002,  note = {submitted for publication},  }@book{PanFan02a,    author = {J. X. Pan and K. T. Fang},    title = {Growth Curve Models and Statistical Diagnostics},     publisher = {Springer},     address = {New York},    year = 2002,    }@article{FanLinQin03,   author = {K. T. Fang and D. K. J. Lin and H. Qin},    title = {A note on optimal foldover design},   journal = {Statist.\ Prob. Letters},   volume = 62,    pages = {245-250},   year = 2003,}@article{MaFanLin03a,   author = {C. X. Ma and K. T. Fang and D. K. J. Lin},   year = 2003,    title =  {A note on uniformity and orthogonality},    journal = {J. Statist.\ Plan.\ Infer.},    volume = {113},    pages = {323--334},   }@article{Fan02a,   author = {K. T. Fang},   year = 2002,    title = {Theory, method and applications of the uniform design},   journal = {International J. Reliability, Quality, and Safety Engineering},   volume = 9,   pages = {305-315},   }@article{FanQin02a,   author = {K. T. Fang and H. Qin},   year = 2002,    title = {A note on construction of nearly uniform designs with large number of runs},   journal = {Statist. Prob. Letters},    volume = 61,    pages = {215 - 224},   }@article{GolWuYua01,   author = {G.ÊH. Golub and  X.ÊWu and J.ÊY. Yuan},   title = {SOR-like methods for augmetned systems},      journal = {BIT},   volume = 41,   year = 2001,   pages = {71-85},   }   @article{DiEtal04a,   author = {Y. Di and R. Li and T. Tang and P.-W. Zhang},    title = {Moving mesh finite element methods for the incompressible Navier-Stokes equations},   year = 2003,   }   @article{WuXue03a,   author = {X. Wu and W. Xue},   title = {Discrete boundary conditions for elasticity problems with singularities},   journal = {Comp.\ Meth.\ Appl.\ Mech.\ Eng.},    volume = 192,   year = 2003,    pages = {3777-3795},   }@article{HanWu04a,    author = {H. Han and X. Wu},    title = {A simple numerical method for option pricing},    journal = SINUM,    year = 2003,    note = {to appear},    }    @article{FokGuoTan02a,    author = {J. C.ÊM. Fok and B.-Y. Guo and T.ÊTang},     title = {Combined {H}ermite spectral-finite difference method for the {F}okker-{P}lanck equations},    journal = MC,    volume = 71,    year = 2002,    pages = {1497-1528},    } 